2786 4820
253 806 648 967 paruarum
688 861 1091 992 aureamin
1255 809 1260 818 ’
1385 771 1392 800 ⁵

108 1112 117 1128 ο
152 1118 341 1219 Ginpsoaomt
359 1145 396 1206 de
410 1129 576 1205 Sacerdotio
590 1142 677 1202 libros
693 1159 762 1219 sax,
778 1129 884 1228 iactor,
902 1141 958 1200 iuri
976 1141 1101 1200 redditos
1118 1141 1205 1218 rides,

147 1255 206 1299 nou
233 1241 338 1318 dubio,
363 1239 529 1313 riDEUS,
555 1241 632 1320 quod
650 1241 832 1332 confidimus,
858 1241 1002 1316 annuerit,
1029 1239 1206 1300 Christianae

147 1335 270 1400 Schoiee
296 1340 495 1399 emolumento.
534 1337 611 1398 Nori
628 1340 806 1436 Testamenti
831 1342 968 1419 scriptura
988 1339 1101 1398 Graeca
1127 1340 1207 1418 ipsaq

136 1440 264 1525 peteris,
283 1439 396 1498 Graeea
413 1439 626 1517 interpretatio,
648 1459 705 1498 non
724 1439 943 1518 perpetuitatem
961 1439 1050 1500 solum
1067 1438 1133 1498 huic
1147 1439 1208 1500 iia..
1279 1497 1281 1502 ,
1314 1518 1318 1528 .

0 1511 2 1526 ³
53 1549 60 1568 ·
138 1546 272 1612 guaeet
293 1539 504 1614 necessitatem,
529 1536 685 1598 sedetiam
711 1537 923 1616 amplitudinem
949 1537 1091 1615 quandam
1112 1532 1215 1596 conci-'
1259 1616 1261 1624 Α
1331 1525 1335 1540 ’

144 1633 214 1712 liat,
234 1644 265 1694 nt
282 1636 321 1696 ad
338 1637 598 1713 interpretationem
616 1637 692 1714 ejus,
709 1635 869 1714 quorumvis
887 1635 1070 1713 scriptorum,
1089 1637 1138 1714 qui
1156 1653 1210 1696 ao·

148 1733 214 1792 dem
231 1737 362 1794 sermone
375 1735 418 1794 usi
430 1745 504 1812 sunt,
521 1735 650 1806 collatio,
665 1735 780 1794 dirersis
796 1733 887 1792 modia
904 1735 1069 1812 requiratur.
1100 1734 1216 1804 ideireo·

149 1831 180 1890 in
198 1833 310 1911 optimis
335 1814 492 1912 quibusque
510 1833 671 1892 acroateriis
689 1851 751 1891 cum
774 1831 916 1890 volumine
936 1832 975 1899 N.
990 1833 1028 1890 T.
1052 1833 1131 1910 qnod
1148 1833 1211 1911 pri·

148 1949 210 1990 mas
223 1931 276 1992 ribi
294 1931 407 1990 merito
413 1949 467 1990 suo
481 1931 625 2014 vendicat,
644 1939 742 1992 auctor
760 1931 859 2009 aliquis
872 1931 999 1990 Graecm
1017 1931 1150 2009 conjungi
1161 1951 1211 1990 so·

150 2030 205 2090 iet·
229 2030 279 2108 qui
298 2049 355 2108 quo
372 2029 468 2108 piures
487 2031 665 2110 maioresque
685 2038 835 2108 praeterea
853 2029 985 2094 utilitates
1004 2037 1146 2108 praestat,
1172 2051 1210 2091 eo

151 2127 313 2209 dexteriore
342 2127 450 2207 Judioio
483 2129 609 2188 deiectus
637 2119 791 2188 existimari
818 2127 918 2188 debet.
971 2129 1135 2188 Christianis
1161 2103 1211 2208 qui
1258 2195 1261 2206 Χ

152 2227 275 2340 palmam
292 2205 434 2304 tribuant,
453 2227 555 2286 borum
573 2227 644 2286 aiius
663 2227 749 2286 alium
768 2226 956 2289 commendat.
987 2225 1127 2304 liquidem
1147 2245 1211 2286 auur

153 2323 281 2402 inprimis
297 2327 421 2386 muneris
434 2344 490 2385 mer
481 2325 691 2404 temporibus,
709 2333 840 2425 surrepto
854 2325 967 2385 Graeco
985 2331 1098 2404 quoque
1109 2343 1212 2405 penso,
1277 2329 1281 2372 2
1330 2355 1332 2360 -

151 2423 383 2501 Chrysostomum
401 2422 439 2482 de
458 2423 625 2484 Sauerdotio
643 2419 826 2502 cognossemq
854 2423 895 2482 ita
910 2419 1012 2498 stated,
1030 2423 1105 2484 huno
1121 2425 1213 2518 potis-
1263 2425 1266 2430 ‘

151 2523 252 2581 dmum
275 2522 500 2582 adolescentibus
520 2522 698 2601 Theologiae
722 2533 752 2583 et
768 2522 922 2582 ministerio
946 2523 1132 2582 ecclesiastico
1159 2523 1214 2583 de-

153 2620 262 2708 stinatis
279 2639 364 2700 posse
378 2621 533 2700 propinari
569 2621 634 2700 Ipse
651 2623 720 2701 quin
739 2623 873 2682 eximium
891 2619 995 2679 Christi
1014 2617 1142 2698 organon
1160 2641 1213 2682 sua

153 2728 247 2779 aetate
264 2721 366 2791 suerit,
385 2720 613 2798 eujusutiiitatea
631 2721 669 2779 ad
683 2739 795 2780 omnem
813 2720 1007 2800 posteritatem
1024 2719 1147 2780 fidelium
1167 2721 1214 2779 di-

153 2819 310 2895 manarint,
329 2819 433 2878 nemiui
454 2819 617 2896 ambiguum
634 2831 698 2879 ess'e
715 2819 811 2880 debet.
848 2818 981 2877 invenem
999 2835 1030 2876 se
1048 2818 1125 2896 ipse,
1146 2820 1215 2878 reii-

59 2909 62 2916 ⁴
153 2935 211 2995 quo
231 2927 360 2996 tempore
378 2917 499 2985 muudus
523 2935 588 2978 eum
606 2919 743 2980 exercuit.
778 2917 934 2977 Eserassu
952 2916 1157 2994 religiosissimo
1176 2917 1215 2978 ad

115 3003 119 3010 ¹
151 3015 298 3076 Eoclesiae
310 3017 541 3100 gubernationem
554 3003 717 3094 produntur,
737 3015 833 3076 omnia
846 3033 882 3075 ea
896 3017 981 3092 buna,
1000 3033 1075 3098 quaa
1092 3015 1120 3074 in
1135 3023 1215 3076 aba·
1251 3067 1269 3094 ,

153 3131 211 3194 que
227 3115 340 3175 vivendi
357 3115 467 3174 ratione
484 3116 595 3192 insunt,
614 3115 739 3176 sociarit.
773 3113 884 3190 Naevi,
903 3115 999 3196 quiin
1017 3131 1053 3174 eo
1071 3117 1215 3187 notantur,
1240 3155 1245 3165 .

154 3222 205 3272 ant
225 3215 262 3296 ab
280 3199 350 3298 ipso
362 3214 450 3290 agniti
467 3213 564 3290 fuere,
580 3213 731 3291 solidisque
753 3207 898 3272 vlrtutibns
915 3214 1043 3291 pensati;
1061 3223 1111 3273 aut
1129 3214 1215 3298 piaua
1270 3222 1273 3226 ’

154 3313 271 3372 virtutes
293 3311 390 3389 fuere,
416 3313 454 3372 ab
472 3313 533 3372 aliis
558 3330 616 3370 non
643 3312 766 3390 agnitae.
808 3311 841 3370 in
859 3313 1034 3370 sermonibus
1052 3321 1082 3371 et
1105 3313 1216 3391 seriptis
1267 3345 1271 3352 -

1 3458 4 3467 .
41 3422 46 3434 ’
153 3411 217 3489 ejas
234 3411 343 3470 animus
361 3412 450 3490 spirat
467 3412 590 3472 sincerus
608 3429 678 3488 erga
693 3410 804 3486 Deum,
821 3418 957 3488 paternus
975 3428 1044 3487 erga
1062 3411 1215 3489 auditores,

154 3509 265 3569 iliorum
288 3529 414 3594 suaeque
439 3511 535 3570 salodi
559 3501 671 3580 sitiens,
697 3517 728 3569 et
751 3507 811 3567 sine
836 3504 1022 3568 amaritudine
1046 3509 1215 3572 vehemens:
1313 3505 1317 3512 ’

138 3609 301 3669 -doctrInae
317 3600 407 3688 genus
425 3628 523 3669 sanum
538 3617 568 3668 et
578 3608 706 3666 omnibus
722 3608 836 3686 aptum3'
854 3625 908 3667 neo
925 3609 1052 3667 abstrusa
1070 3605 1216 3682 affectans,

153 3725 209 3768 neo
226 3707 348 3786 profana
365 3708 537 3769 admiscens:
556 3707 647 3766 oratio
664 3707 769 3783 natira,
788 3708 948 3786 perspicua,
966 3707 1077 3768 efficax.
1113 3707 1231 3787 Neque

155 3817 251 3865 tamen
269 3816 328 3866 tam
348 3807 410 3886 ipse
427 3807 457 3866 in
475 3805 636 3866 doctoribus
654 3805 805 3881 ecciesiae,
823 3824 909 3884 quam
926 3807 957 3866 in
977 3814 1020 3868 tot
1035 3806 1096 3886 ejus
1114 3800 1218 3867 monu'-

156 3905 259 3968 mentis
276 3903 332 3964 hoe
349 3906 441 3985 ipsum
459 3905 496 3966 de
513 3904 681 3970 Sacerdotio
700 3905 823 3966 anteiit.

223 4121 248 4190 ⁸)
273 4124 450 4178 Praemiserat
474 4127 500 4175 b.
517 4125 659 4188 itengeiiur
675 4123 737 4176 iruie
752 4125 915 4188 praefationi
937 4119 1164 4192 prodromumN.
1185 4117 1217 4174 T.

128 4265 131 4272 ,
158 4201 261 4260 Graed
272 4207 448 4346 adornandi,
471 4225 548 4274 quem
567 4215 671 4275 tamen,
695 4227 730 4264 aa
746 4211 810 4264 iibri
827 4211 913 4264 molet
936 4208 1047 4310 nimium
1066 4214 1222 4280 angeretur

157 4292 246 4346 omisi.
606 4315 612 4322 ·
939 4306 947 4322 ι
